<record xmlns:xsi="http://www.w3.org/2001/XMLSchema-instance" xmlns="http://www.loc.gov/MARC21/slim" xsi:schemaLocation="http://www.loc.gov/MARC21/slim http://www.loc.gov/standards/marcxml/schema/MARC21slim.xsd">

  <leader>00653nam a2200193Ia 4500</leader>
  <datafield ind2=" " tag="999" ind1=" ">
    <subfield code="c">795</subfield>
    <subfield code="d">795</subfield>
  </datafield>
  <controlfield tag="008">170712bs.f.    cr ||||| |||| 00| | spa d</controlfield>
  <datafield ind1=" " tag="020" ind2=" ">
    <subfield code="a">9968250872</subfield>
  </datafield>
  <datafield ind2=" " tag="090" ind1=" ">
    <subfield code="a">14.02.04 </subfield>
    <subfield code="b">1619</subfield>
  </datafield>
  <datafield tag="110" ind1="2" ind2=" ">
    <subfield code="a">Instituto Nacional de las Mujeres</subfield>
    <subfield code="9">1766</subfield>
  </datafield>
  <datafield ind1="1" tag="245" ind2="0">
    <subfield code="a">Conociendo la Ley de Paternidad Responsable: Guía para Mujeres / </subfield>
    <subfield code="c">Instituto Nacional de las Mujeres</subfield>
  </datafield>
  <datafield ind1=" " tag="260" ind2=" ">
    <subfield code="a">San José, Costa Rica : </subfield>
    <subfield code="b">INAMU, </subfield>
    <subfield code="c">s.f.</subfield>
  </datafield>
  <datafield ind1=" " tag="300" ind2=" ">
    <subfield code="a">8 páginas, </subfield>
    <subfield code="b">ilustraciones</subfield>
  </datafield>
  <datafield tag="490" ind1=" " ind2=" ">
    <subfield code="a">Colección Metodologías,</subfield>
    <subfield code="v">14</subfield>
  </datafield>
  <datafield ind2=" " ind1=" " tag="500">
    <subfield code="a">Manual de Capacitación</subfield>
  </datafield>
  <datafield ind2="4" tag="650" ind1="1">
    <subfield code="a">PATERNIDAD </subfield>
    <subfield code="9">2991</subfield>
  </datafield>
  <datafield ind2="4" ind1="1" tag="650">
    <subfield code="a">LEGISLACIÓN</subfield>
    <subfield code="9">45</subfield>
  </datafield>
  <datafield ind1="1" tag="650" ind2="4">
    <subfield code="a">DERECHO DE FAMILIA</subfield>
    <subfield code="9">2989</subfield>
  </datafield>
  <datafield ind2=" " tag="942" ind1=" ">
    <subfield code="2">z</subfield>
    <subfield code="c">01</subfield>
  </datafield>
</record>